<record><leader>00000cas a22000007a 4500</leader><controlfield tag="001">17616419</controlfield><controlfield tag="008">880311d19171921lauwr ne      0   a0eng d</controlfield><datafield ind1=" " ind2=" " tag="010"><subfield code="a">sn 88064249 </subfield></datafield><datafield ind1=" " ind2=" " tag="040"><subfield code="a">LNP</subfield><subfield code="b">eng</subfield><subfield code="c">LNP</subfield><subfield code="d">OCLCQ</subfield><subfield code="d">DLC</subfield><subfield code="d">OCLCO</subfield><subfield code="d">OCLCF</subfield><subfield code="d">OCLCO</subfield></datafield><datafield ind1="0" ind2=" " tag="022"><subfield code="a">2381-6562</subfield><subfield code="2">1</subfield></datafield><datafield ind1=" " ind2=" " tag="042"><subfield code="a">msc</subfield><subfield code="a">nsdp</subfield></datafield><datafield ind1=" " ind2=" " tag="043"><subfield code="a">n-us-la</subfield></datafield><datafield ind1="0" ind2="0" tag="050"><subfield code="a">Newspaper</subfield></datafield><datafield ind1="0" ind2="0" tag="082"><subfield code="a">071</subfield><subfield code="2">23</subfield></datafield><datafield ind1=" " ind2="4" tag="222"><subfield code="a">The star-progress</subfield><subfield code="b">(Print)</subfield></datafield><datafield ind1="0" ind2="4" tag="245"><subfield code="a">The star-progress.</subfield></datafield><datafield ind1=" " ind2=" " tag="260"><subfield code="a">Opelousas, La. :</subfield><subfield code="b">Price &amp; Andrepont</subfield></datafield><datafield ind1=" " ind2=" " tag="310"><subfield code="a">Weekly</subfield></datafield><datafield ind1="0" ind2=" " tag="362"><subfield code="a">Vol. 8, no. 17 (Feb. 10, 1917)-v. 13, no. 4 (Nov. 9, 1921).</subfield></datafield><datafield ind1=" " ind2=" " tag="530"><subfield code="a">Archived issues are available in digital format from the Library of Congress Chronicling America online collection.</subfield></datafield><datafield ind1=" " ind2="0" tag="651"><subfield code="a">Opelousas (La.)</subfield><subfield code="v">Newspapers.</subfield></datafield><datafield ind1=" " ind2="7" tag="655"><subfield code="a">Newspapers.</subfield><subfield code="2">fast</subfield><subfield code="0">(OCoLC)fst01423814</subfield></datafield><datafield ind1=" " ind2="7" tag="651"><subfield code="a">Louisiana</subfield><subfield code="z">Opelousas.</subfield><subfield code="2">fast</subfield><subfield code="0">(OCoLC)fst01208500</subfield></datafield><datafield ind1=" " ind2=" " tag="752"><subfield code="a">United States</subfield><subfield code="b">Louisiana</subfield><subfield code="c">Saint Landry</subfield><subfield code="d">Opelousas.</subfield></datafield><datafield ind1="0" ind2="8" tag="776"><subfield code="i">Online version:</subfield><subfield code="t">Star-progress</subfield><subfield code="x">2381-6570</subfield><subfield code="w">(DLC)  2015270567</subfield><subfield code="w">(OCoLC)918942617</subfield></datafield><datafield ind1="0" ind2="4" tag="780"><subfield code="t">Eunice star</subfield></datafield><datafield ind1="0" ind2="4" tag="780"><subfield code="t">St. Landry progress</subfield><subfield code="w">(DLC)sn 88064248</subfield></datafield><datafield ind1="0" ind2="7" tag="785"><subfield code="t">St. Landry clarion</subfield><subfield code="x">2332-5429</subfield><subfield code="w">(DLC)sn 88064250</subfield><subfield code="w">(OCoLC)17616440</subfield></datafield><datafield ind1="0" ind2="7" tag="785"><subfield code="t">Clarion-progress</subfield><subfield code="w">(DLC)sn 88064251</subfield></datafield><datafield ind1="4" ind2="0" tag="856"><subfield code="u">http://www.loc.gov/chroniclingamerica/lccn/sn88064249/issues</subfield></datafield></record>